<record><leader>00000cas a22000007a 4500</leader><controlfield tag="001">13460076</controlfield><controlfield tag="008">860421c19859999wiuwr ne      0    0eng d</controlfield><datafield ind1=" " ind2=" " tag="010"><subfield code="a">sn 86086148 </subfield></datafield><datafield ind1=" " ind2=" " tag="040"><subfield code="a">NPV</subfield><subfield code="b">eng</subfield><subfield code="c">NPV</subfield><subfield code="d">OCLCQ</subfield></datafield><datafield ind1=" " ind2=" " tag="032"><subfield code="a">462-360</subfield><subfield code="b">USPS</subfield></datafield><datafield ind1=" " ind2=" " tag="042"><subfield code="a">msc</subfield></datafield><datafield ind1=" " ind2=" " tag="045"><subfield code="a">w8--</subfield></datafield><datafield ind1=" " ind2=" " tag="052"><subfield code="a">4123</subfield><subfield code="b">L3</subfield></datafield><datafield ind1="0" ind2="0" tag="245"><subfield code="a">Republican journal, Belmont success, The Old settler, Schullsburg pick and gad.</subfield></datafield><datafield ind1="1" ind2="3" tag="246"><subfield code="a">Republican journal</subfield></datafield><datafield ind1="1" ind2="3" tag="246"><subfield code="a">Belmont success</subfield></datafield><datafield ind1="1" ind2="3" tag="246"><subfield code="a">Old settler</subfield></datafield><datafield ind1="1" ind2="3" tag="246"><subfield code="a">Schullsburg pick and gad</subfield></datafield><datafield ind1=" " ind2=" " tag="260"><subfield code="a">Darlington, Wis. :</subfield><subfield code="b">Darlington Pub.</subfield></datafield><datafield ind1=" " ind2=" " tag="300"><subfield code="a">v. :</subfield><subfield code="b">ill.</subfield></datafield><datafield ind1=" " ind2=" " tag="310"><subfield code="a">Weekly</subfield></datafield><datafield ind1=" " ind2=" " tag="500"><subfield code="a">Added masthead: Belmont success ; &lt;July 5, 1985&gt;-</subfield></datafield><datafield ind1=" " ind2=" " tag="500"><subfield code="a">Added masthead: Schullsburg pick and gad ; &lt;July 5, 1985&gt;-</subfield></datafield><datafield ind1=" " ind2=" " tag="500"><subfield code="a">Added masthead: The Old Settler ; &lt;July 5, 1985&gt;-</subfield></datafield><datafield ind1=" " ind2=" " tag="500"><subfield code="a">Editor: E. Neuwirth, &lt;July 5, 1985&gt;-March 13, 1986.</subfield></datafield><datafield ind1=" " ind2=" " tag="530"><subfield code="a">Available on microfilm from The State Historical Society of Wisconsin.</subfield></datafield><datafield ind1=" " ind2=" " tag="588"><subfield code="a">Description based on: Vol. 123, no. 26 (July 5, 1985)-</subfield></datafield><datafield ind1=" " ind2=" " tag="752"><subfield code="a">United States</subfield><subfield code="b">Wisconsin</subfield><subfield code="c">Lafayette</subfield><subfield code="d">Black Hawk.</subfield></datafield><datafield ind1=" " ind2=" " tag="752"><subfield code="a">United States</subfield><subfield code="b">Wisconsin</subfield><subfield code="c">Lafayette</subfield><subfield code="d">Darlington.</subfield></datafield><datafield ind1=" " ind2=" " tag="752"><subfield code="a">United States</subfield><subfield code="b">Wisconsin</subfield><subfield code="c">Lafayette</subfield><subfield code="d">Belmont.</subfield></datafield><datafield ind1=" " ind2=" " tag="752"><subfield code="a">United States</subfield><subfield code="b">Wisconsin</subfield><subfield code="c">Lafayette</subfield><subfield code="d">Schullsburg.</subfield></datafield><datafield ind1="0" ind2="0" tag="780"><subfield code="t">Republican journal, Belmont success, Schullsbug pick and gad (Darlington, Wis. : 1982)</subfield><subfield code="w">(DLC)sn 86086147</subfield></datafield><datafield ind1="1" ind2=" " tag="029"><subfield code="a">AU@</subfield><subfield code="b">000025287421</subfield></datafield></record>